<?xml version="1.0" encoding="UTF-8"?>
<collection xmlns:xsi="http://www.w3.org/2001/XMLSchema-instance" xsi:schemaLocation="http://www.loc.gov/MARC21/slim http://www.loc.gov/standards/marcxml/schema/MARC21slim.xsd" xmlns="http://www.loc.gov/MARC21/slim">
<record>
  <leader>01415cam a2200253Ia 4500</leader>
  <controlfield tag="001">4896447</controlfield>
  <controlfield tag="003">NNC</controlfield>
  <controlfield tag="005">20100113145042.0</controlfield>
  <controlfield tag="008">901115m19021906ua a     b    000 0 araod</controlfield>
  <datafield tag="035" ind1=" " ind2=" ">
    <subfield code="a">(OCoLC)ocm22692583</subfield>
  </datafield>
  <datafield tag="035" ind1=" " ind2=" ">
    <subfield code="a">(NNC)4896447</subfield>
  </datafield>
  <datafield tag="040" ind1=" " ind2=" ">
    <subfield code="a">CLE</subfield>
    <subfield code="c">CLE</subfield>
    <subfield code="d">NNC</subfield>
  </datafield>
  <datafield tag="043" ind1=" " ind2=" ">
    <subfield code="a">aw-----</subfield>
    <subfield code="a">ff-----</subfield>
  </datafield>
  <datafield tag="090" ind1=" " ind2=" ">
    <subfield code="a">DS36.85</subfield>
    <subfield code="b">.Z39 1902x</subfield>
  </datafield>
  <datafield tag="100" ind1="1" ind2=" ">
    <subfield code="a">Zaydān, Jirjī,</subfield>
    <subfield code="d">1861-1914.</subfield>
  </datafield>
  <datafield tag="245" ind1="1" ind2="0">
    <subfield code="a">Tārīkh al-tamaddun al-Islāmī :</subfield>
    <subfield code="b">wa-huwa yabḥathu fī nushūʾ al-dawlah al-Islāmīyah wa-tārīkh maṣāliḥihā al-idārīyah wa-al-siyāsīyah wa-al-mālīyah wa-al-jundīyah wa-saʻat mamlakathā wa-bayān tharwatihā wa-ḥaḍāratihā wa-ubbahatihā wa-aḥwāl khulafāʾihā wa-majālisihim wa-quṣūrihim wa-kull mā yataʻalliqu bihim wa-tārīkh al-ʻilm wa-al-ṣināʻah wa-al-adab wa-al-shiʻr wa-al-ādāb al-ijtimāʻīyah wa-al-ʻādāt wa-al-akhlāq fī ibbān dhālika al-tamaddun maʻa ʻalāqatihi bi-al-tamaddun al-ḥadīth /</subfield>
    <subfield code="c">taʾlīf Jirjī Zaydān.</subfield>
  </datafield>
  <datafield tag="260" ind1=" " ind2=" ">
    <subfield code="a">al-Fajjālah bi-Miṣr [Cairo] :</subfield>
    <subfield code="b">Maṭbaʻat al-Hilāl,</subfield>
    <subfield code="c">1902-06.</subfield>
  </datafield>
  <datafield tag="300" ind1=" " ind2=" ">
    <subfield code="a">5 v. in 1 :</subfield>
    <subfield code="b">ill. ;</subfield>
    <subfield code="c">24 cm.</subfield>
  </datafield>
  <datafield tag="500" ind1=" " ind2=" ">
    <subfield code="a">Each vol. published separately.</subfield>
  </datafield>
  <datafield tag="500" ind1=" " ind2=" ">
    <subfield code="a">Binding by ʻAlī Muhīb, his name stamped on t.p. and spine.</subfield>
  </datafield>
  <datafield tag="504" ind1=" " ind2=" ">
    <subfield code="a">Bibliography: v. 5, p. 165-170.</subfield>
  </datafield>
  <datafield tag="650" ind1=" " ind2="0">
    <subfield code="a">Islamic civilization.</subfield>
  </datafield>
  <datafield tag="651" ind1=" " ind2="0">
    <subfield code="a">Islamic Empire</subfield>
    <subfield code="x">History.</subfield>
  </datafield>
  <datafield tag="955" ind1=" " ind2=" ">
    <subfield code="b">0040415163</subfield>
    <subfield code="d">glx</subfield>
    <subfield code="e">893.712 J979</subfield>
    <subfield code="v">v.3</subfield>
  </datafield>
</record>
</collection>